@InBook{Aiello,
  author = 	 {Aiello, J},
  title = 	     {Human Spatial Behavior. In D. S. (eds.)},
  publisher = 	 {John Wiley \special{&} Sons},
  year = 	     {1987},
  volume = 	 {Handbook of Environmental Psychology, vol. 1},
  address = 	 {Toronto, ON},
  pages = 	 {389-505}
}
@Book{XPvol,
  author ={Beck, K.},
  title = 	 {Extreme Programming Explained},
  publisher ={Addison-Wesley Professional},
  year = 	 {1999}
}
@Book{XPvol2,
  author =    {Beck, K. and Andres, C.},
  title =    {Extreme Programming Explained: Embrace Change, Second Edition.},
  publisher =    {Addison-Wesley Professional},
  year =     {2004}
}
@Book{InfoRad,
  author ={Cockburn, A.},
  title = 	 {Agile Software Development: The Cooperative Game, Second Edition.},
  publisher ={Addison-Wesley Professional},
  year = 	 {2006}
}
@Book{UserStoriesApplied,
  author ={Cohn, M.},
  title =    {User Stories Applied: For Agile Software Development.},
  publisher ={Addison-Wesley Professional},
  year =     {2004}
}
@Misc{StoriesRequ,
  author = 	 {Cohn, M.},
  title = 	 {User Stories for Agile Requirements.},
  howpublished = {\url{http://www.mountaingoatsoftware.com/presentations/130-user-stories-for-agile-requirements}},
  month = 	 {December},
  year = 	 {2010},
  note = 	 {Mountain Goat Software}
}
  
 @Misc{CCV,
  title =     {Community Core Vision from the NUI group:},
  howpublished = {\url{http://ccv.nuigroup.com/}},
  month =     {December},
  year =      {2010}
}
@InProceedings{PowerStories,
  author = 	 {Davies,R.},
  title =    {The Power of Stories.},
  booktitle = 	 {The Power of Stories.},
  year = 	 {2001},
  organization = {XP 2001, Sardinia},
  publisher = {Springer Verlag}
}
@Misc{DI,
  title =     {Diffused Illumination, from The Nui Group},
  howpublished = {\url{http://wiki.nuigroup.com/Diffused_Illumination_(DI)}},
  month =     {December},
  year =      {2010}
}
@Misc{DVT,
  title =     {Digital Vision Touch, from Smart Technologies},
  howpublished = {\url{http://www.smarttech.com/us/About+SMART/About+SMART/Newsroom/Media+releases/Releases+by+year/2009+media+releases/2009/June+17+2009c}},
  month =     {December},
  year =      {2010}
}
@Misc{FTIR,
  title =     {Frustrated Total Internal Reflection, from from Nui Group},
  howpublished = {\url{http://wiki.nuigroup.com/FTIR}},
  month =     {December},
  year =      {2010}
}
@Article{Jeffries,
  author = 	 {Jeffries, R.},
  title = 	 {Essential XP: Card, Conversation, and Confirmation.},
  journal = 	 {XP Magazine},
  year = 	 {2001},
  month = 	 {August}
}
@MastersThesis{DAP,
  author = 	 {Morgan, R.},
  title = 	 {Distributed AgilePlanner: A Card-Based Planning Environment for Agile Teams},
  school = 	 {University of Calgary, Department of Computer Science},
  year = 	 {2008}
}
@Book{Scrum,
  ALTauthor = 	 {Schwaber, K., & Beedle, M.},
  title = 	 {Agile Software Development with Scrum (Series in Agile Software Development)},
  publisher = 	 {Prentice Hall},
  year = 	 {2001}
}
@Article{ScottInteractingDig,
  author = 	 {Scott, S. D.},
  title = 	 {Guest Editors' Introduction: Interacting with Digital Tabletops.},
  journal = 	 {IEEE Computer Graphics & Applications: Special Issue on Interacting with Digital Tabletops},
  year = 	 {2006},
  pages = 	 {24-27},
  month = 	 {September/October}
}
@Proceedings{ScottGuidelines,
  title = 	 {System Guidelines for Co-located,Collaborative Work on a Tabletop Display},
  year = 	 {2003},
  address = 	 {Helsinki, Finland},
  month = 	 {September},
  organization = {Proceedings of ECSCW'03, European Conference Computer-Supported Cooperative Work},
  author = 	 {Scott, S., Grant, K., & Mandryk, R.}
}
@Article{Sharp,
  author = 	 {Sharp, H. and Robinson, H. and Petre, M.},
  title = 	 {The role of physical artefacts in agile software development},
  journal =  {The Interdisciplinary Journal of Human-Computer Interaction},
  year = 	 {2009},
  volume = 	 {21},
  note = 	 {issues 1-2}
}
@Misc{Smart,
  title = 	 {Smart Technologies},
  howpublished = {\url{http://smarttech.com/}},
  month = 	 {December},
  year = 	 {2010}
}

@Misc{SurfNet,
  title =     {SurfNet, Fall 2010 Workshop},
  howpublished = {\url{http://www.nsercsurfnet.ca/pmwiki.php?n=SurfNet.Workshop}},
  month =     {September},
  year =      {2010}
}
@Misc{TUIO,
  author = 	 {TUIO.org},
  title = 	 {Tangible User Interface Objects},
  howpublished = {\url{http://www.tuio.org/?specification}},
  month = 	 {December},
  year = 	 {2010}
}
@MastersThesis{Wang,
  author = 	 {Wang, X.},
  title = 	 {Using Digital Tabletops to Support Agile Project Planning. a},
  school = 	 {University of Calgary, Department of Computer Science},
  year = 	 {2009},
  address =  {Calgary, Alberta, Canada},
  month = 	 {September}
}
@InProceedings{Webber,
  author = 	 {Weber, S., Ghanam, Y., Wang, X., Maurer, F.},
  title = 	 {APDT: An Agile Planning Tool for Digital Tabeltops.},
  booktitle = {APDT: An Agile Planning Tool for Digital Tabeltops.},
  year = 	 {2008},
  organization = {Proceedings 9th International Conference on Agile Processes and eXtreme Programming in Software Engineering (XP2008)}
}
